@manual{garofolo:timit,
	author = {Garofolo, John S. and	Lamel, Lori F. and Fisher, William M. and Fiscus, Jonathan G. and Pallett, David S. and Dahlgren, Nancy L.},
	editor = {Nist},
	title = {DARPA TIMIT - Acoustic-Phonetic Continuous Speech Corpus CD-ROM},
	date = {1993},
}

@inproceedings{asadullah:silence_removal,
	author = {Asadullah, Muhammad and Nisar, Shibli},
	year = {2016},
	month = {09},
	pages = {},
	title = {A Silence Removal and Endpoint Detection Approach for Speech Processing}
}

@article{c3,
	author = {Sharma, M. and Sarma, K. K.},
	journal = {Handbook of Research on Advanced Hybrid Intelligent Techniques and Applications},
	title = {Soft-Computational Techniques and Spectro-Temporal Features for Telephonic Speech Recognition: An Overview and Review of Current State of the Art},
	year = {2015},
	doi = {10.4018/978-1-4666-9474-3.ch006}
}

@article{c4,
	author = {Awan, Mazhar Javed and Masood, Osama Ahmed and Mohammed, Mazin Abed and Yasin, Awais and Zain, Azlan Mohd and Damaševičius, Robertas and Abdulkareem, Karrar Hameed},
	title = {Image-Based Malware Classification Using VGG19 Network and Spatial Convolutional Attention},
	journal = {Electronics},
	year = {2021},
	issn = {2079-9292},
	doi = {10.3390/electronics10192444}
}

@article{c5,
	author = {Ferooz, Faria and Hassan, Malik Tahir and Awan, Mazhar Javed and Nobanee, Haitham and Kamal, Maryam and Yasin, Awais and Zain, Azlan Mohd},
	title = {Suicide Bomb Attack Identification and Analytics through Data Mining Techniques},
	journal = {Electronics},
	volume = {10},
	year = {2021},
	number = {19},
	article-number = {2398},
	url = {https://www.mdpi.com/2079-9292/10/19/2398},
	issn = {2079-9292},
	doi = {10.3390/electronics10192398}
}

@article{c6,
	author = {Neamah, Karrar and Mohamad, Dzulkifli and Saba, Tanzila and Rehman, Amjad},
	year = {2014},
	month = {02},
	pages = {},
	title = {Discriminative Features Mining for Offline Handwritten Signature Verification},
	volume = {5},
	journal = {3D Research},
	doi = {10.1007/s13319-013-0002-3}
}

@article{c7,
	author = {Awan, Mazhar and Farooq, Umar and Babar, Hafiz and Yasin, Awais and Nobanee, Haitham and Hussain, Muzammil and Hakeem, Owais and Zain, Azlan},
	year = {2021},
	month = {09},
	pages = {10743},
	title = {Real-Time DDoS Attack Detection System Using Big Data Approach},
	volume = {13},
	journal = {Sustainability},
	doi = {10.3390/su131910743}
}

@article{c8,  
	author={Li, Qin and Yang, Yuze and Lan, Tianxiang and Zhu, Huifeng and Wei, Qi and Qiao, Fei and Liu, Xinjun and Yang, Huazhong},  
	journal={IEEE Access},   
	title={MSP-MFCC: Energy-Efficient MFCC Feature Extraction Method With Mixed-Signal Processing Architecture for Wearable Speech Recognition Applications},   
	year={2020},  
	volume={8},  
	number={},  
	pages={48720-48730},  doi={10.1109/ACCESS.2020.2979799}
}

@article{c9,
	AUTHOR = {Ali, Mohammed Hasan and Jaber, Mustafa Musa and Abd, Sura Khalil and Rehman, Amjad and Awan, Mazhar Javed and Vitkutė-Adžgauskienė, Daiva and Damaševičius, Robertas and Bahaj, Saeed Ali},
	TITLE = {Harris Hawks Sparse Auto-Encoder Networks for Automatic Speech Recognition System},
	JOURNAL = {Applied Sciences},
	VOLUME = {12},
	YEAR = {2022},
	NUMBER = {3},
	ARTICLE-NUMBER = {1091},
	URL = {https://www.mdpi.com/2076-3417/12/3/1091},
	ISSN = {2076-3417},
	DOI = {10.3390/app12031091}
}

@inproceedings{c10,
	author = {Zolfaghari, P. and Robinson, Tony},
	year = {1996},
	month = {11},
	pages = {1229 - 1232 vol.2},
	title = {Formant analysis using mixtures of Gaussians},
	doi = {10.1109/ICSLP.1996.607830}
}

@article{asr:dnnhmm0,
	author = {Fauziya, Farheen and Nijhawan, Geeta},
	year = {2014},
	month = {07},
	pages = {12-16},
	title = {A Comparative Study of Phoneme Recognition using GMM-HMM and ANN based Acoustic Modeling},
	volume = {98},
	journal = {International Journal of Computer Applications},
	doi = {10.5120/17186-7366}
}

@article{viterbi,
	author = {Viterbi, Andrew},
	year = {1967},
	month = {05},
	pages = {260 - 269},
	title = {Error Bounds for Convolutional Codes and an Asymptotically Optimum Decoding Algorithm},
	volume = {13},
	isbn = {978-981-4287-50-0},
	journal = {Information Theory, IEEE Transactions on},
	doi = {10.1109/TIT.1967.1054010}
}

@article{mapgmm,
	author={Chinaev, Aleksej and Haeb-Umbach, Reinhold},
	booktitle={2013 IEEE International Conference on Acoustics, Speech and Signal Processing}, 
	title={Map-based estimation of the parameters of a Gaussian Mixture Model in the presence of noisy observations}, 
	year={2013},
	volume={},
	number={},
	pages={3352-3356},
	doi={10.1109/ICASSP.2013.6638279}
}

@article{mlegmm,
	ISSN = {00063444},
	URL = {http://www.jstor.org/stable/2334652},
	author = {Day, N. E.},
	journal = {Biometrika},
	number = {3},
	pages = {463--474},
	publisher = {[Oxford University Press, Biometrika Trust]},
	title = {Estimating the Components of a Mixture of Normal Distributions},
	urldate = {2022-07-11},
	volume = {56},
	year = {1969}
}

@book{markovbook,
	title     = {Theory of algorithms},
	author    = {Markov, A.A.},
	year      = {1954},
	publisher = {Academy of Sciences of the USSR},
	address   = {Moscow}
}

@article{dnnhmmscene,
	author={Bao, Xiao and Gao, Tian and Du, Jun and Dai, Li-Rong},
	journal={2017 International Joint Conference on Neural Networks (IJCNN)}, 
	title={An investigation of high-resolution modeling units of deep neural networks for acoustic scene classification}, 
	year={2017},
	doi={10.1109/IJCNN.2017.7966232}
}

@article{gmmhmmspeechrecognition, 
	author={Su, Dan and Wu, Xihong and Xu, Lei}, 
	booktitle={2010 IEEE International Conference on Acoustics, Speech and Signal Processing},   
	title={GMM-HMM acoustic model training by a two level procedure with Gaussian components determined by automatic model selection},   
	year={2010}, 
	doi={10.1109/ICASSP.2010.5495122}
}

@article{gmmhmmspeakeridentification,
	author={Liu, Yi and He, Liang and Tian,  Yao and Chen, Zhuzi and Liu, Jia and Johnson, Michael T.},
	title={Comparison of Multiple Features and Modeling Methods for Text-dependent Speaker Verification},
	year={2017},
	doi={https://doi.org/10.48550/arXiv.1707.04373}
}

@article{gmmspeakeridentification,
	author={Reynolds, Douglas A.},
	title={Speaker identification and verification using Gaussian mixture speaker models},
	year={1995},
	doi={10.1016/0167-6393(95)00009-D}
}

@online{wiki:mel_scale,
	title = {Mel scale},
	url = {https://en.wikipedia.org/wiki/Mel_scale},
	urldate = {2022-07-17},
}

@article{si:dnnhmm,
	author={Ismail, Shahin and Ali Bou Nassif and Nawel, Nemmour and Ashraf, Elnagar and Adi, Alhudhaif and Kemal, Polat},
	title={Speaker identification and verification using Gaussian mixture speaker models},
	journal={Neural Computing and Applications},
	year={2021},
	doi={10.1007/s00521-021-06226-w}
}

@article{si:lstm,
	author={Feng, Ye and Jun, Yang},
	title={A Deep Neural Network Model for Speaker Identification},
	journal={Applied Sciences},
	year={2021},
	doi={10.1007/s00521-021-06226-w}
}

@article{asr:triphone,
	author = {Darjaa, Sakhia and Cerňak, Miloš and Trnka, Marián and Rusko, Milan and Sabo, Róbert},
	year = {2011},
	title = {Effective Triphone Mapping for Acoustic Modeling in Speech Recognition.},
	journal = {Proceedings of the Annual Conference of the International Speech Communication Association, INTERSPEECH},
	doi = {10.21437/Interspeech.2011-190}
}

@article{si:gmmhmm1,
	title = {A continuous HMM text-independent speaker recognition system based on vowel spotting},
	author = {Fakotakis, Nikos and Georgila, Kallirroi and Tsopanoglou, Anastasios},
	year = {1997},
	url = {http://www.isca-speech.org/archive/eurospeech_1997/e97_2347.html}
}

@article{si:gmmhmm2,  
	author={Deshpande, Mangesh S. and Holambe, Raghunath S.},  
	booktitle={2008 First International Conference on Emerging Trends in Engineering and Technology},   title={Text-Independent Speaker Identification Using Hidden Markov Models},   
	year={2008},
	doi={10.1109/ICETET.2008.46}
}

@article{polishasr:gmmhmm,
	author = {Owsianny, Mariusz and Francuzik, Piotr},
	year = {2012},
	title = {Evaluation of speech recognition system for Polish},
	journal = {Speech and Language Technology}
}

@article{am:segmental,
	author = {Shi, Bowen and Settle, Shane and Livescu, Karen},
	title = {Whole-Word Segmental Speech Recognition with Acoustic Word Embeddings},
	publisher = {arXiv},
	year = {2020},
	doi = {10.48550/ARXIV.2007.00183}
}

@article{am:entropy,  
	author={Chueh, C. and Jen-Tzung Chien},  booktitle={2006 IEEE International Conference on Acoustics Speech and Signal Processing Proceedings}, 
	title={Maximum Entropy Modeling of Acoustic and Linguistic Features},   
	year={2006},
	doi={10.1109/ICASSP.2006.1660207}
}

@article{am:randomfields,
	 author={Fosler-Lussier, Eric and Morris, Jeremy}, 
	 booktitle={2008 IEEE International Conference on Acoustics, Speech and Signal Processing},   title={Crandem systems: Conditional random field acoustic models for hidden Markov models},   year={2008},
	 doi={10.1109/ICASSP.2008.4518543}
 }

@article{jahangir:review,
	title = {Speaker identification through artificial intelligence techniques: A comprehensive review and research challenges},
	journal = {Expert Systems with Applications},
	doi = {https://doi.org/10.1016/j.eswa.2021.114591},
	author = {Jahangir, Rashid and Wah Teh, Ying and Friday Nweke, Henry and Ghulam Mujtaba and Ali Al-Garadi, Mohammed and Ali, Ihsan}
}

@article{backprogation,
	author={Rumelhart, David E. and Hinton, Geoffrey E. and Williams, Ronald J.},
	title={Learning representations by back-propagating errors},
	year={1986},
	journal={Nature},
	doi={https://doi.org/10.1038/323533a0}
}

@article{sgd,
	author={Robbins, H.},
	title={A Stochastic Approximation Method},
	year={1951},
	journal={Annals of Mathematical Statistics},
	doi={https://doi.org/10.1214/AOMS%2F1177729586}
}

@article{adadelta,
	author={Zeiler, Matthew D.},
	title={ADADELTA: An Adaptive Learning Rate Method},
	year={2012},
	doi={https://doi.org/10.48550/arXiv.1212.5701}
}

@book{rao:spectral,
	title     = {Language Identification Using Spectral and Prosodic Features},
	author    = {Rao, K. Sreenivasa and V. Ramu Reddy and Sudhamay Maity},
	year      = {2015},
	publisher = {Springer International Publishing},
}

@article{si:cnn,  
	author={Jalil, Ali Muayad and Hasan, Fadhil Sahib and Alabbasi, Hesham Adnan},
	booktitle={2019 First International Conference of Computer and Applied Sciences (CAS)}, 
	title={Speaker identification using convolutional neural network for clean and noisy speech samples},
	year={2019},
	doi={10.1109/CAS47993.2019.9075461}
}

@article{siamesenn,
	title={Siamese Neural Networks for One-Shot Image Recognition},
	author={Koch, Gregory R.},
	year={2015}
}

@article{leakyrelu,
	author={Redmon, Joseph and Divvala, Santosh and Girshick, Ross and Farhadi, Ali},
	booktitle={2016 IEEE Conference on Computer Vision and Pattern Recognition (CVPR)}, 
	title={You Only Look Once: Unified, Real-Time Object Detection}, 
	year={2016},
	doi={10.1109/CVPR.2016.91}
}

@article{dropout,
	title={Improving neural networks by preventing co-adaptation of feature detectors},
	author={Hinton, Geoffrey E. and Srivastava, Nitish and Krizhevsky, Alex and Sutskever, Ilya and Salakhutdinov, Ruslan},
	journal={ArXiv},
	year={2012},
	volume={abs/1207.0580}
}

@article{deller:dt_processing,
	title={Discrete-Time Processing of Speech Signals},
	author={John Robert Deller and John G. Proakis and John H. L. Hansen},
	year={1993}
}

@incollection{cnnbook,
	title = {Chapter 14 - Deep Learning Models for Classifying Mammogram Exams Containing Unregistered Multi-View Images and Segmentation Maps of Lesions},
	editor = {Zhou, S.Kevin and Greenspan, Hayit and Shen, Dinggang},
	booktitle = {Deep Learning for Medical Image Analysis},
	publisher = {Academic Press},
	pages = {321-339},
	year = {2017},
	isbn = {978-0-12-810408-8},
	doi = {https://doi.org/10.1016/B978-0-12-810408-8.00019-5},
	url = {https://www.sciencedirect.com/science/article/pii/B9780128104088000195},
	author = {Carneiro,Gustavo and Nascimento, Jacinto and Bradley, Andrew P. }
}

@article{batchnormalization,
	title={Batch normalization: Accelerating deep network training by reducing internal covariate shift},
	author={Ioffe, Sergey and Szegedy, Christian},
	booktitle={International conference on machine learning},
	year={2015},
	organization={PMLR}
}

@article{picone:signal_modeling,
	title={Signal modeling techniques in speech recognition},
	author={Picone, Joseph W},
	journal={Proceedings of the IEEE},
	volume={81},
	number={9},
	pages={1215--1247},
	year={1993},
	publisher={IEEE}
}

@online{wiki:rnn,
	title = {Recurrent neural network},
	url = {https://en.wikipedia.org/wiki/Recurrent_neural_network},
	urldate = {2022-07-18},
}

@online{wiki:lstm,
	title = {Long short-term memory},
	url = {https://en.wikipedia.org/wiki/Long_short-term_memory},
	urldate = {2022-07-18},
}

@article{si:sincnet,
	author = {Ravanelli, Mirco and Bengio, Y.},
	year = {2018},
	title = {Speaker recognition from raw waveform with SincNet}
}